<record><leader>00000cas a22000007a 4500</leader><controlfield tag="001">8802538</controlfield><controlfield tag="008">820924d18571861ksuwr ne      0    0eng  </controlfield><controlfield tag="009">466</controlfield><datafield ind1=" " ind2=" " tag="010"><subfield code="a">sn 82015084 </subfield></datafield><datafield ind1=" " ind2=" " tag="040"><subfield code="a">DLC</subfield><subfield code="b">eng</subfield><subfield code="c">DLC</subfield><subfield code="d">NPT</subfield><subfield code="d">NPX</subfield><subfield code="d">DLC</subfield><subfield code="d">UKMGB</subfield></datafield><datafield ind1="7" ind2=" " tag="016"><subfield code="a">013917908</subfield><subfield code="2">Uk</subfield></datafield><datafield ind1=" " ind2=" " tag="042"><subfield code="a">msc</subfield></datafield><datafield ind1="0" ind2="0" tag="050"><subfield code="a">Newspaper 7842</subfield></datafield><datafield ind1="0" ind2="0" tag="245"><subfield code="a">Kansas national Democrat.</subfield></datafield><datafield ind1="0" ind2="3" tag="246"><subfield code="a">National democrat</subfield></datafield><datafield ind1=" " ind2=" " tag="260"><subfield code="a">Lecompton, Kan. Territory :</subfield><subfield code="b">S.W. Driggs,</subfield><subfield code="c">1857-1861.</subfield></datafield><datafield ind1=" " ind2=" " tag="300"><subfield code="a">4 v. ;</subfield><subfield code="c">59-61 cm.</subfield></datafield><datafield ind1=" " ind2=" " tag="310"><subfield code="a">Weekly</subfield></datafield><datafield ind1="0" ind2=" " tag="362"><subfield code="a">Vol. 1, no. 1 (July 30, 1857)-v. 4, no. 52 (Mar. 14, 1861)</subfield></datafield><datafield ind1=" " ind2=" " tag="500"><subfield code="a">"Democratic"</subfield></datafield><datafield ind1=" " ind2=" " tag="515"><subfield code="a">Issue for Dec. 31, 1857 has no numbering but constitutes v. 1, no. 23.</subfield></datafield><datafield ind1=" " ind2=" " tag="500"><subfield code="a">Editor: W.P. Montgomery, &lt;1861&gt;.</subfield></datafield><datafield ind1=" " ind2=" " tag="752"><subfield code="a">United States</subfield><subfield code="b">Kansas</subfield><subfield code="c">Douglas</subfield><subfield code="d">Lecompton.</subfield></datafield></record>